@misc{osbook,
    author = "Таненбаум Э.",
    title = "// Современные операционные системы 4-е издание",
    howpublished = "СПб Питер",
    year = 2022,
    langid = "russian"
}

@misc{embedded,
    author = "Симмондс К.",
    title = "// Встраиваемые системы на основе Linux",
    howpublished = "ДМК Пресс",
    year = 2017,
    langid = "russian"
}

@misc{ostesting,
    author = "Цыварев А.В., Мартиросян В.А. ",
    title = "Тестирование драйверов файловых систем в ОС Linux",
    howpublished = "Труды Института системного программирования РАН том 23",
    year = 2012,
    langid = "russian"
}

@manual{mtd,
    title = "Документация к MTD (generic Linux subsystem for memory devices)",
    note = "\url{http://www.linux-mtd.infradead.org/index.html}",
    langid = "english"
}

@article{jffs2,
    author = "Woodhouse D.",
    title = "JFFS : The Journalling Flash File System",
    journal = "",
    year = 2001,
    langid = "english"
}

@manual{lvc,
    title = "Миссия Центра верификации ОС Linux Института Системного Программирования РАН",
    note = "\url{http://www.linuxtesting.ru/}",
    langid = "russian"
}

@manual{xfstests,
    title = "Xfstests",
    note = "\url{https://github.com/kdave/xfstests}",
    langid = "english"
}

@manual{fsfuzz,
    title = "Fsfuzz",
    note = "\url{https://github.com/sughodke/fsfuzzer}",
    langid = "english"
}

@manual{syzkaller,
    title = "Syzkaller",
    note = "\url{https://github.com/google/syzkaller}",
    langid = "english"
}

@manual{mtd-utils,
    title = "Пакет инструментов mtd-utils",
    note = "\url{http://git.infradead.org/mtd-utils.git}",
    langid = "english"
}

@manual{ubi,
    title = "Документация к UBI",
    note = "\url{http://www.linux-mtd.infradead.org/faq/ubi.html}",
    langid = "english"
}

@manual{lvcrepo,
    title = "Linux Verification Center - Linux kernel stable",
    note = "\url{https://git.linuxtesting.ru/pub/scm/linux/kernel/git/lvc/linux-stable.git}",
    langid = "english"
}

@misc{faultuse,
    author = "Цыварев А.В., Хорошилов А.В.",
    title = "Использование симуляции сбоев при тестировании компонентов ядра ОС Linux",
    howpublished = "Труды Института системного программирования РАН том 27",
    year = 2015,
    langid = "russian"
}

@manual{fault,
    title = "Документация Linux Fault Injection",
    note = "\url{https://docs.kernel.org/fault-injection/fault-injection.html}",
    langid = "english"
}

@manual{gcov,
    title = "Документация - Using gcov with Linux kernel",
    note = "\url{https://www.kernel.org/doc/html/v5.10/dev-tools/gcov.html}",
    langid = "english"
}

@manual{lcov,
    title = "lcov",
    note = "\url{https://github.com/linux-test-project/lcov}",
    langid = "english"
}
